@MastersThesis{dekok2012,
  type={Bachelor's Thesis},
  author = {Patrick de Kok},
  title  = {Visualisation of the projective line geometry for geometric algebra},
  school = {Universiteit van Amsterdam},
  year   = {2012}
}

@book{dorst2009geometric,
  title={Geometric Algebra for Computer Science (Revised Edition): An Object-Oriented Approach to Geometry},
  author={Dorst, Leo and Fontijne, Daniel and Mann, Stephen},
  year={2009},
  publisher={Morgan Kaufmann}
}

@incollection{hangbo2011,
year={2011},
isbn={978-0-85729-810-2},
booktitle={Guide to Geometric Algebra in Practice},
editor={Dorst, Leo and Lasenby, Joan},
doi={10.1007/978-0-85729-811-9_13},
title={Line Geometry in Terms of the Null Geometric Algebra over $\mathbb{R}^{3,3}$, and Application to the Inverse Singularity Analysis of Generalized Stewart Platforms},
url={http://dx.doi.org/10.1007/978-0-85729-811-9_13},
publisher={Springer London},
author={Li, Hongbo and Zhang, Lixian},
pages={253-272},
language={English}
}

@inbook{pottmann2001computational,
  title={Computational line geometry},
  author={Pottmann, Helmut and Wallner, Johannes},
  year={2001},
  publisher={Springer},
  pages={133--158}
}

@misc{dorst2013versors,
author = {Leo Dorst},
title = {Projective Transformations as Versors. Working version of internal report},
month = April,
year = {2013},
url = {http://www.test.org/doe/}
}

@book{richter1999interactive,
  title={The interactive geometry software Cinderella},
  author={Richter-Gebert, J{\"u}rgen and Kortenkamp, Ulrich H},
  year={1999},
  publisher={Springer Berlin}
}
